00550cas a22002171a 4500
001 9917737403502836
003 Nz
005 20161223172951.0
008 031222d19781978nz  r ne      0   0 eng d
035    $a (OCoLC)420953067
035    $a (Nz)8138345
035    $a (NLNZils)1773740-ilsdb
040    $a WN $c WN
042    $a nznb
043    $a u-nz---
245 00 $a Dunedin and districts mirror.
260    $a Dunedin [N.Z.]
310    $a Weekly
362 0  $a 1978 Oct.18-Dec.20
651  0 $a Dunedin (N.Z.) $v Newspapers.
655  7 $a New Zealand newspapers. $2 local $5 Nz
